<?xml version="1.0" encoding="UTF-8" ?>
<marc:record xmlns:marc="http://www.loc.gov/MARC21/slim">
<marc:leader>00745cas a2200193   4500</marc:leader>
<marc:controlfield tag="001">131438</marc:controlfield>

<marc:controlfield tag="008">890224s1855                        eng  </marc:controlfield>

<marc:datafield tag="035" ind1=" " ind2=" ">
<marc:subfield code="a">(Sirsi) 131438</marc:subfield>
</marc:datafield>

<marc:datafield tag="100" ind1="1" ind2=" ">
<marc:subfield code="a">Hooker, William Jackson,</marc:subfield>
<marc:subfield code="c">Sir,</marc:subfield>
<marc:subfield code="d">1785-1865.</marc:subfield>
</marc:datafield>

<marc:datafield tag="245" ind1="1" ind2="4">
<marc:subfield code="a">The British flora :</marc:subfield>
<marc:subfield code="b">comprising the phaenogamous or flowering plants, and the ferns /</marc:subfield>
<marc:subfield code="c">by W.J. Hooker and G.A.W. Arnott.</marc:subfield>
</marc:datafield>

<marc:datafield tag="250" ind1=" " ind2=" ">
<marc:subfield code="a">7th ed.</marc:subfield>
</marc:datafield>

<marc:datafield tag="260" ind1=" " ind2=" ">
<marc:subfield code="a">London,</marc:subfield>
<marc:subfield code="c">1855.</marc:subfield>
</marc:datafield>

<marc:datafield tag="300" ind1=" " ind2=" ">
<marc:subfield code="a">xli, [iii,] 618p :</marc:subfield>
<marc:subfield code="b">12 pls</marc:subfield>
<marc:subfield code="p">8?</marc:subfield>
</marc:datafield>

<marc:datafield tag="583" ind1=" " ind2=" ">
<marc:subfield code="a">Kohler Darwin Collection Review</marc:subfield>
<marc:subfield code="c">June 2005</marc:subfield>
</marc:datafield>

<marc:datafield tag="596" ind1=" " ind2=" ">
<marc:subfield code="a">1</marc:subfield>
</marc:datafield>

<marc:datafield tag="700" ind1="1" ind2=" ">
<marc:subfield code="a">Arnott, George Arnott Walker,</marc:subfield>
<marc:subfield code="d">1799-1868.</marc:subfield>
</marc:datafield>

<marc:controlfield tag="001">Catkey 31687</marc:controlfield>

<marc:datafield tag="590" ind1="1" ind2=" ">
<marc:subfield code="a">Itemid 238107</marc:subfield>
</marc:datafield>

<marc:datafield tag="999" ind1=" " ind2=" ">
<marc:subfield code="a">BRITISH HERBARIUM 581.9(410) HOO</marc:subfield>
<marc:subfield code="w">UDC</marc:subfield>
<marc:subfield code="c">1</marc:subfield>
<marc:subfield code="i">238107</marc:subfield>
<marc:subfield code="d">27/3/1998</marc:subfield>
<marc:subfield code="l">SHELVES</marc:subfield>
<marc:subfield code="m">BOTANY</marc:subfield>
<marc:subfield code="r">Y</marc:subfield>
<marc:subfield code="s">Y</marc:subfield>
<marc:subfield code="t">BOOK</marc:subfield>
<marc:subfield code="u">27/3/1998</marc:subfield>
<marc:subfield code="x">BRIT-HERB</marc:subfield>
</marc:datafield>

</marc:record>